@MISC{Ref1,
	author =       {huggingface},
	title =        {language\_modeling},
	url = {https://github.com/huggingface/notebooks/blob/master/examples/language_modeling.ipynb},
	type = {Web Page}
}

@MISC{Ref2,
	author = {Ronak Patel},
	title={Transformers for Multi-Label Classification made simple.},
	url = {https://towardsdatascience.com/transformers-for-multilabel-classification-71a1a0daf5e1},
	type = {Web Page}
}


@MISC{Ref3,
	author =       {Domas Bitvinskas},
	title =        {PyTorch LSTM: Text Generation Tutorial},
	url = {https://closeheat.com/blog/pytorch-lstm-text-generation-tutorial},
	type = {Web Page}
}

